<record><leader>00000cas a2200000 a 4500</leader><controlfield tag="001">26824088</controlfield><controlfield tag="008">921020d18851901iludn ne      0   a0eng c</controlfield><datafield ind1=" " ind2=" " tag="010"><subfield code="a">sn 92053386 </subfield></datafield><datafield ind1=" " ind2=" " tag="040"><subfield code="a">NVF</subfield><subfield code="b">eng</subfield><subfield code="c">NVF</subfield><subfield code="d">OCL</subfield><subfield code="d">OCLCQ</subfield><subfield code="d">CVF</subfield><subfield code="d">NVF</subfield><subfield code="d">OCLCQ</subfield><subfield code="d">OCLCF</subfield><subfield code="d">NVF</subfield><subfield code="d">OCLCO</subfield></datafield><datafield ind1="1" ind2=" " tag="029"><subfield code="a">AU@</subfield><subfield code="b">000020724964</subfield></datafield><datafield ind1=" " ind2=" " tag="042"><subfield code="a">pcc</subfield></datafield><datafield ind1=" " ind2=" " tag="043"><subfield code="a">n-us-il</subfield></datafield><datafield ind1="0" ind2=" " tag="130"><subfield code="a">Evening telegraph (Dixon, Ill.)</subfield></datafield><datafield ind1="1" ind2="0" tag="245"><subfield code="a">Evening telegraph.</subfield></datafield><datafield ind1=" " ind2=" " tag="260"><subfield code="a">Dixon, Ill. :</subfield><subfield code="b">[s.n.],</subfield><subfield code="c">1885-1901.</subfield></datafield><datafield ind1=" " ind2=" " tag="300"><subfield code="a">v.</subfield></datafield><datafield ind1=" " ind2=" " tag="310"><subfield code="a">Daily (except Sunday)</subfield></datafield><datafield ind1="0" ind2=" " tag="362"><subfield code="a">No. 389 (Mar. 31, 1885)-no. 2662 (Aug. 15, 1892) ; 9th year, no. 2763 (Aug. 16, 1892)-18th year, [no.] 15 (Nov. 16, 1901).</subfield></datafield><datafield ind1=" " ind2=" " tag="580"><subfield code="a">Weekly ed.: Dixon telegraph (Dixon, Ill. : 1873), 1885-&lt;1888&gt;</subfield></datafield><datafield ind1=" " ind2="0" tag="651"><subfield code="a">Dixon (Ill.)</subfield><subfield code="v">Newspapers.</subfield></datafield><datafield ind1=" " ind2="7" tag="651"><subfield code="a">Illinois</subfield><subfield code="z">Dixon.</subfield><subfield code="2">fast</subfield><subfield code="0">(OCoLC)fst01217732</subfield></datafield><datafield ind1=" " ind2="7" tag="655"><subfield code="a">Newspapers.</subfield><subfield code="2">fast</subfield><subfield code="0">(OCoLC)fst01423814</subfield></datafield><datafield ind1=" " ind2=" " tag="752"><subfield code="a">United States</subfield><subfield code="b">Illinois</subfield><subfield code="c">Lee</subfield><subfield code="d">Dixon.</subfield></datafield><datafield ind1="1" ind2=" " tag="775"><subfield code="t">Dixon telegraph (Dixon, Ill. : 1873)</subfield><subfield code="w">(DLC)sn 84038421</subfield><subfield code="w">(OCoLC)11309173</subfield></datafield><datafield ind1="0" ind2="0" tag="780"><subfield code="t">Daily telegraph (Dixon, Ill.)</subfield><subfield code="w">(DLC)sn 92053385</subfield><subfield code="w">(OCoLC)26824046</subfield></datafield><datafield ind1="0" ind2="0" tag="785"><subfield code="t">Dixon evening telegraph</subfield><subfield code="w">(DLC)sn 85038345</subfield><subfield code="w">(OCoLC)10112968</subfield></datafield></record>